@MISC{ wiki:semweb, 
  TITLE   = {Semantic Web -- Wikipedia}, 
  URL     = {https://en.wikipedia.org/wiki/Semantic_Web}, 
  URLDATE = {2015-12-28}, 
}

@MISC{ w3c:semweb, 
  TITLE   = {Semantic Web -- W3C}, 
  URL     = {http://www.w3.org/standards/semanticweb/}, 
  URLDATE = {2015-12-28}, 
}

@MISC{ wiki:owl, 
  TITLE   = {Web Ontology Language -- Wikipedia}, 
  URL     = {https://en.wikipedia.org/wiki/Web_Ontology_Language}, 
  URLDATE = {2015-12-28}, 
}

@MISC{ wiki:rdf, 
  TITLE   = {Resource Description Framework -- Wikipedia}, 
  URL     = {https://en.wikipedia.org/wiki/Resource_Description_Framework}, 
  URLDATE = {2015-12-28}, 
}

@MISC{ wiki:sparql, 
  TITLE   = {SPARQL Protocol and RDF Query Language -- Wikipedia}, 
  URL     = {https://en.wikipedia.org/wiki/SPARQL}, 
  URLDATE = {2015-12-28}, 
}

@MISC{ wiki:turtle, 
  TITLE   = {Turtle (syntax) -- Wikipedia}, 
  URL     = {https://en.wikipedia.org/wiki/Turtle_\%28syntax\%29}
  URLDATE = {2015-12-28}, 
}

@MISC{ w3c:turtle, 
  TITLE   = {Turtle -- Terse RDF Triple Language -- W3C} 
  URL     = {http://www.w3.org/TR/2012/WD-turtle-20120710/}
  URLDATE = {2015-12-28}, 
}

@MISC{ dh:dbpedia, 
  TITLE   = {DBpedia -- the Datahub}, 
  URL     = {http://datahub.io/dataset/dbpedia}, 
  URLDATE = {2015-12-28}, 
}
@ARTICLE{ iiwas2013:strigil, 
  AUTHOR = {Stárka J., Holubová I., Nečaský M.}, 
  TITLE  = {Strigil: A Framework for Data Extraction in Semi-Structured Web Documents}, 
  NOTE   = {paper submitted to 15th International Conference on Information Integration and Web-based Applications \& Services, Vienna, Austria, 2013.}, 
  YEAR   = {2013}, 
  URL    = {http://www.iiwas.org/conferences/iiwas2013/}, 
}

